%% This BibTeX bibliography file was created using BibDesk.
%% http://bibdesk.sourceforge.net/


%% Created for Diego Dompe at 2010-03-07 21:17:47 -0600 


%% Saved with string encoding Unicode (UTF-8) 


